%#####################
%	Paper Refernces
%#####################

%Brain-Controlled Wheelchairs: A Robotic Architecture
@article{6476692,
  author={Carlson, Tom and del R. Millan, Jose},
  journal={IEEE Robotics   Automation Magazine}, 
  title={Brain-Controlled Wheelchairs: A Robotic Architecture}, 
  year={2013},
  volume={20},
  number={1},
  pages={65-73},
  doi={10.1109/MRA.2012.2229936}
}
  
%Multimodal vs. unimodal physiological control in videogames for enhanced realism and depth
@article{da2014multimodal,
  title={Multimodal vs. unimodal physiological control in videogames for enhanced realism and depth},
  author={da Silva, Gon{\c{c}}alo Amaral},
  journal={arXiv preprint arXiv:1406.0532},
  year={2014}
}

%Gyroscope Implementation in Arcade Shooter Game “Full Metal Parabellum”
@article{haris2021gyroscope,
  title={Gyroscope Implementation in Arcade Shooter Game “Full Metal Parabellum”},
  author={Haris, Darius Andana and Pragantha, Jeanny and Husen, Carmello Fabrian and others},
  journal={Journal of Games, Game Art, and Gamification},
  volume={6},
  number={2},
  pages={39--43},
  year={2021}
}

%User training for machine learning controlled upper limb prostheses: a serious game approach
@article{kristoffersen2021user,
  title={User training for machine learning controlled upper limb prostheses: a serious game approach},
  author={Kristoffersen, Morten B and Franzke, Andreas W and Bongers, Raoul M and Wand, Michael and Murgia, Alessio and van der Sluis, Corry K},
  journal={Journal of NeuroEngineering and Rehabilitation},
  volume={18},
  number={1},
  pages={1--15},
  year={2021},
  publisher={Springer}
}

%Evaluation of crosshair-aided gyroscope gamepad controller
@inbook{toktacs2019evaluation,
  title={Evaluation of crosshair-aided gyroscope gamepad controller},
  author={Tokta{\c{s}}, Ali Osman and Serif, Tacha},
  booktitle={International Conference on Mobile Web and Intelligent Information Systems},
  pages={294--307},
  year={2019},
  organization={Springer}
}

%An introduction to Serious game Definitions and concepts
@article{alvarez2011introduction,
  title={An introduction to Serious game Definitions and concepts},
  author={Alvarez, Julian and Djaouti, Damien and others},
  journal={Serious Games \& Simulation for Risks Management},
  volume={11},
  number={1},
  pages={11--15},
  year={2011},
  publisher={LARSEN Science}
}

%Comparing interaction techniques for serious games through brain--computer interfaces: A user perception evaluation study
@article{liarokapis2014comparing,
  title={Comparing interaction techniques for serious games through brain--computer interfaces: A user perception evaluation study},
  author={Liarokapis, Fotis and Debattista, Kurt and Vourvopoulos, Athanasios and Petridis, Panagiotis and Ene, Alina},
  journal={Entertainment Computing},
  volume={5},
  number={4},
  pages={391--399},
  year={2014},
  publisher={Elsevier}
}

%Brain-Controlled Virtual Environments-An evaluation study of Brain-Computer Interfaces for Serious Game Interaction
@unpublished{vourvopoulos2013brain,
  title={Brain-Controlled Virtual Environments-An evaluation study of Brain-Computer Interfaces for Serious Game Interaction},
  author={Vourvopoulos, Athanasios},
  year={2013}
}

%On the comparison of a novel serious game and electroencephalography biomarkers for early dementia screening
@incollection{tarnanas2015comparison,
  title={On the comparison of a novel serious game and electroencephalography biomarkers for early dementia screening},
  author={Tarnanas, Ioannis and Laskaris, Nikos and Tsolaki, Magda and Muri, Ren{\'e} and Nef, Tobias and Mosimann, Urs P},
  booktitle={GeNeDis 2014},
  pages={63--77},
  year={2015},
  publisher={Springer}
}

%More attention, less deficit: Wearable EEG-based serious game for focus improvement
@inproceedings{alchalcabi2017more,
  title={More attention, less deficit: Wearable EEG-based serious game for focus improvement},
  author={Alchalcabi, Alaa Eddin and Eddin, Amer Nour and Shirmohammadi, Shervin},
  booktitle={2017 IEEE 5th international conference on serious games and applications for health (SeGAH)},
  pages={1--8},
  year={2017},
  organization={IEEE}
}

%Games, Gameplay, and BCI: The State of the Art
@article{6518141,
  author={Marshall, David and Coyle, Damien and Wilson, Shane and Callaghan, Michael},
  journal={IEEE Transactions on Computational Intelligence and AI in Games}, 
  title={Games, Gameplay, and BCI: The State of the Art}, 
  year={2013},
  volume={5},
  number={2},
  pages={82-99},
  doi={10.1109/TCIAIG.2013.2263555}}

%Using EEG pattern analysis for implementation of game interface
@inproceedings{ahn2011using,
  title={Using EEG pattern analysis for implementation of game interface},
  author={Ahn, Jae-Sung and Lee, Won-Hyung},
  booktitle={2011 IEEE 15th international symposium on consumer electronics (ISCE)},
  pages={348--351},
  year={2011},
  organization={IEEE}
}

%Examining User Experiences through a Multimodal BCI Puzzle Game
@inproceedings{liarokapis2015examining,
  title={Examining user experiences through a multimodal BCI puzzle game},
  author={Liarokapis, Fotis and Vourvopoulos, Athanasios and Ene, Alina},
  booktitle={2015 19th International Conference on Information Visualisation},
  pages={488--493},
  year={2015},
  organization={IEEE}
}
  
%Driving Persuasive Games with Personal EEG Devices: Strengths and Weaknesses
@inproceedings{ndulue2019driving,
  title={Driving Persuasive Games with Personal EEG Devices: Strengths and Weaknesses},
  author={Ndulue, Chinenye and Orji, Rita},
  booktitle={Adjunct Publication of the 27th Conference on User Modeling, Adaptation and Personalization},
  pages={173--177},
  year={2019}
}

%Current status, challenges, and possible solutions of EEG-based brain-computer interface: a comprehensive review
@article{rashid2020current,
  title={Current status, challenges, and possible solutions of EEG-based brain-computer interface: a comprehensive review},
  author={Rashid, Mamunur and Sulaiman, Norizam and PP Abdul Majeed, Anwar and Musa, Rabiu Muazu and Bari, Bifta Sama and Khatun, Sabira and others},
  journal={Frontiers in neurorobotics},
  pages={25},
  year={2020},
  publisher={Frontiers}
}

@inproceedings{schuurink2008engagement,
  title={Engagement and EMG in serious gaming: Experimenting with sound and dynamics in the Levee Patroller training game},
  author={Schuurink, Ellen Lisette and Houtkamp, Joske and Toet, Alexander},
  booktitle={International Conference on Fun and Games},
  pages={139--149},
  year={2008},
  organization={Springer}
}

@article{gutierrez2020serious,
  title={Serious game platform with haptic feedback and EMG monitoring for upper limb rehabilitation and smoothness quantification on spinal cord injury patients},
  author={Gutierrez, Alvaro and Sepulveda-Munoz, Delia and Gil-Agudo, Angel and de los Reyes Guzman, Ana},
  journal={Applied Sciences},
  volume={10},
  number={3},
  pages={963},
  year={2020},
  publisher={Multidisciplinary Digital Publishing Institute}
}

@inproceedings{salem2013development,
  title={The development of body-powered prosthetic hand controlled by EMG signals using DSP processor with virtual prosthesis implementation},
  author={Salem, Fathia HA and Mohamed, Khaled S and Mohamed, Sundes BK and El Gehani, Amal A},
  booktitle={Conference Papers in Science},
  volume={2013},
  year={2013},
  organization={Hindawi}
}

@inproceedings{beyrouthy2016eeg,
  title={EEG mind controlled smart prosthetic arm},
  author={Beyrouthy, Taha and Al Kork, Samer K and Korbane, Joe Akl and Abdulmonem, Alhamza},
  booktitle={2016 IEEE international conference on emerging technologies and innovative business practices for the transformation of societies (EmergiTech)},
  pages={404--409},
  year={2016},
  organization={IEEE}
}

@inproceedings{bright2016eeg,
  title={EEG-based brain controlled prosthetic arm},
  author={Bright, Dany and Nair, Amrita and Salvekar, Devashish and Bhisikar, Swati},
  booktitle={2016 Conference on Advances in Signal Processing (CASP)},
  pages={479--483},
  year={2016},
  organization={IEEE}
}

@article{liao2012gaming,
  title={Gaming control using a wearable and wireless EEG-based brain-computer interface device with novel dry foam-based sensors},
  author={Liao, Lun-De and Chen, Chi-Yu and Wang, I-Jan and Chen, Sheng-Fu and Li, Shih-Yu and Chen, Bo-Wei and Chang, Jyh-Yeong and Lin, Chin-Teng},
  journal={Journal of neuroengineering and rehabilitation},
  volume={9},
  number={1},
  pages={1--12},
  year={2012},
  publisher={Springer}
}

@inproceedings{subhani2011eeg,
  title={EEG signals to measure mental stress},
  author={Subhani, Ahmad Rauf and Xia, Likun and Malik, Aamir Saeed},
  booktitle={2nd International Conference on Behavioral, Cognitive and Psychological Sciences},
  pages={84--88},
  year={2011},
  organization={Maldives}
}

@article{ghassemi2019development,
  title={Development of an EMG-controlled serious game for rehabilitation},
  author={Ghassemi, Mohammad and Triandafilou, Kristen and Barry, Alex and Stoykov, Mary Ellen and Roth, Elliot and Mussa-Ivaldi, Ferdinando A and Kamper, Derek G and Ranganathan, Rajiv},
  journal={IEEE Transactions on Neural Systems and Rehabilitation Engineering},
  volume={27},
  number={2},
  pages={283--292},
  year={2019},
  publisher={IEEE}
}

@inproceedings{guger1999prosthetic,
  title={Prosthetic control by an EEG-based brain-computer interface (BCI)},
  author={Guger, Christoph and Harkam, Werner and Hertnaes, Carin and Pfurtscheller, Gert},
  booktitle={Proc. aaate 5th european conference for the advancement of assistive technology},
  pages={3--6},
  year={1999},
  organization={Citeseer}
}

@article{de2020effects,
  title={Effects of gamification in BCI functional rehabilitation},
  author={de Castro-Cros, Mart{\'\i} and Sebastian-Romagosa, Marc and Rodr{\'\i}guez-Serrano, Javier and Opisso, Eloy and Ochoa, Manel and Ortner, Rupert and Guger, Christoph and Tost, Dani},
  journal={Frontiers in neuroscience},
  pages={882},
  year={2020},
  publisher={Frontiers}
}

@inproceedings{schonauer2011full,
  title={Full body interaction for serious games in motor rehabilitation},
  author={Sch{\"o}nauer, Christian and Pintaric, Thomas and Kaufmann, Hannes},
  booktitle={Proceedings of the 2nd Augmented Human International Conference},
  pages={1--8},
  year={2011}
}

@article{labruyere2013requirements,
  title={Requirements for and impact of a serious game for neuro-pediatric robot-assisted gait training},
  author={Labruy{\`e}re, Rob and Gerber, Corinna N and Birrer-Br{\"u}tsch, Karin and Meyer-Heim, Andreas and van Hedel, Hubertus JA},
  journal={Research in developmental disabilities},
  volume={34},
  number={11},
  pages={3906--3915},
  year={2013},
  publisher={Elsevier}
}

@article{cattan2021use,
  title={The use of brain-computer interfaces in games is not ready for the general public},
  author={Cattan, Gr{\'e}goire},
  journal={Frontiers in Computer Science},
  volume={3},
  year={2021}
}

@inproceedings{bessa2020designing,
  title={Designing a serious game for myoelectric prosthesis control},
  author={Bessa, Diogo and Rodrigues, Nuno F and Oliveira, Eva and Kolbenschag, Jonas and Prahm, Cosima},
  booktitle={2020 IEEE 8th International Conference on Serious Games and Applications for Health (SeGAH)},
  pages={1--5},
  year={2020},
  organization={IEEE}
}

@inproceedings{muguro2020development,
  title={Development of neck surface electromyography gaming control interface for application in tetraplegic patients’ entertainment},
  author={Muguro, Joseph Kamau and Sasaki, Minoru and Matsushita, Kojiro and Njeri, Waweru and Laksono, Pringgo Widyo and Suhaimi, Muhammad Syaiful Amri bin},
  booktitle={AIP Conference Proceedings},
  volume={2217},
  pages={030039},
  year={2020},
  organization={AIP Publishing LLC}
}

@proceedings{sivanathan2014temporal,
  title={Temporal multimodal data synchronisation for the analysis of a game driving task using EEG},
  author={Sivanathan, Aparajithan and Lim, Theodore and Louchart, Sandy and Ritchie, James},
  journal={Entertainment Computing},
  volume={5},
  pages={323--334},
  year={2014},
  publisher={Elsevier}
}

@article{carlson2013brain,
  title={Brain-controlled wheelchairs: a robotic architecture},
  author={Carlson, Tom and Millan, Jose del R},
  journal={IEEE Robotics \& Automation Magazine},
  volume={20},
  number={1},
  pages={65--73},
  year={2013},
  publisher={IEEE}
}

@article{mcmullen2013demonstration,
  title={Demonstration of a semi-autonomous hybrid brain--machine interface using human intracranial EEG, eye tracking, and computer vision to control a robotic upper limb prosthetic},
  author={McMullen, David P and Hotson, Guy and Katyal, Kapil D and Wester, Brock A and Fifer, Matthew S and McGee, Timothy G and Harris, Andrew and Johannes, Matthew S and Vogelstein, R Jacob and Ravitz, Alan D and others},
  journal={IEEE Transactions on Neural Systems and Rehabilitation Engineering},
  volume={22},
  number={4},
  pages={784--796},
  year={2013},
  publisher={IEEE}
}

@inproceedings{shi2019novel,
  title={A Novel Method of Combining Computer Vision, Eye-Tracking, EMG, and IMU to Control Dexterous Prosthetic Hand},
  author={Shi, Chunyuan and Qi, Le and Yang, Dapeng and Zhao, Jingdong and Liu, Hong},
  booktitle={2019 IEEE International Conference on Robotics and Biomimetics (ROBIO)},
  pages={2614--2618},
  year={2019},
  organization={IEEE}
}

@article{jitaree2012design,
  title={Design of EMG biofeedback system for lower-limb exercises of the elderly using video games},
  author={Jitaree, Sirinapa and Phinyomark, Angkoon and Hu, Huosheng and Phukpattaranont, Pornchai and Limsakul, Chusak},
  journal={J Sports Sci Health},
  volume={13},
  number={2},
  pages={S175--S187},
  year={2012}
}

@inproceedings{cheng2018towards,
  title={Towards asynchronous motor imagery-based brain-computer interfaces: a joint training scheme using deep learning},
  author={Cheng, Patcharin and Autthasan, Phairot and Pijarana, Boriwat and Chuangsuwanich, Ekapol and Wilaiprasitporn, Theerawit},
  booktitle={TENCON 2018-2018 IEEE Region 10 Conference},
  pages={1994--1998},
  year={2018},
  organization={IEEE}
}

@inproceedings{an2014deep,
  title={A deep learning method for classification of EEG data based on motor imagery},
  author={An, Xiu and Kuang, Deping and Guo, Xiaojiao and Zhao, Yilu and He, Lianghua},
  booktitle={International Conference on Intelligent Computing},
  pages={203--210},
  year={2014},
  organization={Springer}
}

@article{al2021deep,
  title={Deep learning for motor imagery EEG-based classification: A review},
  author={Al-Saegh, Ali and Dawwd, Shefa A and Abdul-Jabbar, Jassim M},
  journal={Biomedical Signal Processing and Control},
  volume={63},
  pages={102172},
  year={2021},
  publisher={Elsevier}
}

@phdthesis{robinson2022design,
  title={A Design Exploration of Affective Gaming},
  author={Robinson, Raquel Breejon and others},
  year={2022},
  school={University of Saskatchewan}
}

@article{huotari2019sampling,
  title={Sampling rate effects on resting state fMRI metrics},
  author={Huotari, Niko and Raitamaa, Lauri and Helakari, Heta and Kananen, Janne and Raatikainen, Ville and Rasila, Aleksi and Tuovinen, Timo and Kantola, Jussi and Borchardt, Viola and Kiviniemi, Vesa J and others},
  journal={Frontiers in Neuroscience},
  volume={13},
  pages={279},
  year={2019},
  publisher={Frontiers}
}

@article{jing2000low,
  title={Low sampling rate induces high correlation dimension on electroencephalograms from healthy subjects},
  author={Jing, Hongkui and Takigawa, Morikuni},
  journal={Psychiatry and clinical neurosciences},
  volume={54},
  number={4},
  pages={407--412},
  year={2000},
  publisher={Wiley Online Library}
}

@article{leon2020deep,
  title={Deep learning for EEG-based Motor Imagery classification: Accuracy-cost trade-off},
  author={Le{\'o}n, Javier and Escobar, Juan Jos{\'e} and Ortiz, Andr{\'e}s and Ortega, Julio and Gonz{\'a}lez, Jes{\'u}s and Mart{\'\i}n-Smith, Pedro and Gan, John Q and Damas, Miguel},
  journal={Plos one},
  volume={15},
  number={6},
  pages={e0234178},
  year={2020},
  publisher={Public Library of Science San Francisco, CA USA}
}


%############################
%	Video Games Refernces
%############################

%The Legend of Zelda: Spirit Tracks
@misc{thelegendofzelda_spirittracks,
   author = "Nintendo",
   title = "The Legend of Zelda: Spirit Tracks",
   howpublished = "[Nintedo DS]",
   year = 2009,
}

%The Legend of Zelda: Majoras Mask
@misc{thelegendofzelda_majorasmask,
   author = "Nintendo",
   title = "The Legend of Zelda: Majora's Mask",
   howpublished = "[Nintendo 64]",
   year = 2000,
}

%############################
%	Software Refereces
%############################
@misc{texmaker,
   author = "Pascal Brachet",
   title = "Texmaker",
   howpublished = "Cross-platform",
   year = 2003,
}

@misc{unity,
   author = "Unity Technologies",
   title = "Unity",
   howpublished = "Cross-platform",
   year = 2005,
}

@misc{tensorflow,
   author = "Google Brain Team",
   title = "TensorFlow",
   howpublished = "Cross-platform",
   year = 2015,
}

@misc{keras,
   author = "François Chollet",
   title = "Keras",
   howpublished = "Cross-platform",
   year = 2015,
}
